@book{bloch_effective_java,
  author    = {Joshua Bloch},
  title     = {Effective Java},
  publisher = {Addison-Wesley},
  year      = {2018},
  edition   = {3rd},
  isbn      = {978-0134685991}
}

@book{horstmann_java,
  author    = {Cay S. Horstmann},
  title     = {Core Java Volume I — Fundamentals},
  publisher = {Pearson Education},
  year      = {2022},
  edition   = {12th},
  isbn      = {978-0137673629}
}

@online{postgresql_docs,
  author    = {{PostgreSQL Global Development Group}},
  title     = {PostgreSQL Documentation},
  year      = {2025},
  url       = {https://www.postgresql.org/docs/},
  note      = {Dostęp: czerwiec 2025}
}

@manual{swing_docs,
  author  = {Oracle Corporation},
  title   = {Java Swing Developer Guide},
  year    = {2024},
  url     = {https://docs.oracle.com/javase/tutorial/uiswing/},
  note    = {Dostęp: maj 2025}
}

@misc{latex_wikibook,
  author    = {Społeczność Wikibooks},
  title     = {LaTeX – Podręcznik},
  year      = {2025},
  url       = {https://pl.wikibooks.org/wiki/LaTeX},
  note      = {Dostęp: maj 2025}
}
